<record><leader>00000cas a22000007a 4500</leader><controlfield tag="001">19356967</controlfield><controlfield tag="008">890314d198u1985pauwr ne      0    0eng d</controlfield><datafield ind1=" " ind2=" " tag="010"><subfield code="a">sn 89077101 </subfield></datafield><datafield ind1=" " ind2=" " tag="040"><subfield code="a">NPH</subfield><subfield code="b">eng</subfield><subfield code="c">NPH</subfield><subfield code="d">OCLCQ</subfield></datafield><datafield ind1=" " ind2=" " tag="042"><subfield code="a">msc</subfield></datafield><datafield ind1="0" ind2="0" tag="245"><subfield code="a">Southwest eagle weekly.</subfield></datafield><datafield ind1="1" ind2="3" tag="246"><subfield code="a">Eagle weekly</subfield></datafield><datafield ind1=" " ind2=" " tag="260"><subfield code="a">Butler, Pa. :</subfield><subfield code="b">Eagle Print. Co.,</subfield><subfield code="c">-1985.</subfield></datafield><datafield ind1=" " ind2=" " tag="300"><subfield code="a">v. :</subfield><subfield code="b">ill. ;</subfield><subfield code="c">35 cm.</subfield></datafield><datafield ind1=" " ind2=" " tag="310"><subfield code="a">Weekly</subfield></datafield><datafield ind1="0" ind2=" " tag="362"><subfield code="a">-v. 13, no. 46 (Nov. 27, 1985).</subfield></datafield><datafield ind1=" " ind2=" " tag="588"><subfield code="a">Description based on: Vol. 13, no. 44 (Nov. 13, 1985).</subfield></datafield><datafield ind1=" " ind2=" " tag="752"><subfield code="a">United States</subfield><subfield code="b">Pennsylvania</subfield><subfield code="c">Butler</subfield><subfield code="d">Butler.</subfield></datafield><datafield ind1="0" ind2="0" tag="780"><subfield code="t">Eagle II</subfield><subfield code="w">(DLC)sn 84002125</subfield></datafield><datafield ind1="0" ind2="0" tag="785"><subfield code="t">Cranberry eagle weekly</subfield><subfield code="w">(DLC)sn 89077103</subfield></datafield></record>